 @report{coco-article,
 title={Microsoft COCO: Common Objects in Context},
 url={https://arxiv.org/abs/1405.0312v3},
 journal={arXiv.org},
 author={Lin, Tsung-Yi and Maire, Michael and Belongie, Serge and Bourdev, Lubomir and Girshick, Ross and Hays, James and Perona, Pietro and Ramanan, Deva and Zitnick, C. Lawrence and Dollár, Piotr and et al.},
 year={2015}, month={Feb},
 pages = {1},
 urldate = {2021-04-29},
 }

 @misc{dudenEinstellen,
 title={ein­stel­len},
 url={https://www.duden.de/node/136591/revision/136627},
 journal={Duden},
 author = {Dudenredaktion},
 urldate = {2021-04-30}
 } 

 @article{lcsFirstArticle, title={A longest common subsequence algorithm suitable for similar text strings}, url={https://link.springer.com/article/10.1007/BF00264437}, journal={Acta Informatica}, organization={Springer-Verlag}, author={Nakatsu, Narao and Kambayashi, Yahiko and Yajima, Shuzo}, pages= {1},  urldate = {2021-05-01}
}

 @article{diffLCS,
 title={How different are different diff algorithms in Git?},
 url={https://link.springer.com/article/10.1007/s10664-019-09772-z},
 journal={Empirical Software Engineering},
 publisher={Springer US},
 author={Nugroho, Yusuf Sulistyo and Hata, Hideaki and Matsumoto, Kenichi},
 year={2019}, month={Sep},
 pages={1--4},
 urldate = {2021-05-01}
 } 
 
@InProceedings{llcs,
author="Paterson, Mike
and Dan{\v{c}}{\'i}k, Vlado",
editor="Pr{\'i}vara, Igor
and Rovan, Branislav
and Ruzi{\v{c}}ka, Peter",
title="Longest common subsequences",
booktitle="Mathematical Foundations of Computer Science 1994",
year="1994",
publisher="Springer Berlin Heidelberg",
address="Berlin, Heidelberg",
pages="127",
abstract="The length of a longest common subsequence (LLCS) of two or more strings is a useful measure of their similarity. The LLCS of a pair of strings is related to the `edit distance', or number of mutations/errors/editing steps required in passing from one string to the other.",
isbn="978-3-540-48663-3"
}

 @misc{levenshteinLaufzeit,
 title={Source code LevenshteinDistance implementation}, url={https://commons.apache.org/proper/commons-text/apidocs/src-html/org/apache/commons/text/similarity/LevenshteinDistance.html},
 journal={Source code},
 organization = {Apache Software Foundation},
 urldate = {2021-05-02}
 } 
 
  @misc{tiobe,
  title={TIOBE Index for May 2021},
  url={https://www.tiobe.com/tiobe-index/},
  journal={TIOBE index},
  urldate = {2021-05-17}
  } 

 @misc{xmlSpec,
 title = {Extensible Markup Language (XML) 1.0 (Fifth Edition)},
 url={https://www.w3.org/TR/xml/},
 author = "Tim Bray
and Jean Paoli
and C. M. Sperberg-McQueen
and Eve Maler
and François Yergeau",
 year={2008}, month={Nov},
 urldate = {2021-05-20}
 } 
  @misc{xsdSpec,
 title = {W3C XML Schema Definition Language (XSD) 1.1 Part 1: Structures},
 url={https://www.w3.org/TR/xmlschema11-1/},
 author = "Shudi Gao
and C. M. Sperberg-McQueen
and Henry S. Thompson",
 year={2012}, month={Apr},
 urldate = {2021-06-14}
 }

@article{jsonSpec,
	number =	8259,
	howpublished =	{RFC 8259},
	publisher =	{RFC Editor},
	doi =		{10.17487/RFC8259},
	url =		{https://rfc-editor.org/rfc/rfc8259.txt},
        author =	{Tim Bray},
	title =		{{The JavaScript Object Notation (JSON) Data Interchange Format}},
	pagetotal =	16,
	year =		2017,
	month =		dec,
	pages = {2 -- 6},
	urldate = {2021-05-20}
}

 @misc{yamlSpec,
 url={https://yaml.org/spec/1.2/spec.html#id2759572},
 title={YAML Ain't Markup Language(YAML™) Version 1.2},
 author={Ben-Kiki, Oren and Evans, Clark and Net, Ingy döt},
 year={2009},
 month={Oct},
 urldate= {2021-06-05}
 } 
 
 @misc{edtDocs,
 url={https://docs.oracle.com/javase/tutorial/uiswing/concurrency/dispatch.html},
 title={The Event Dispatch Thread},
 organization={Oracle},
 urldate={2021-06-03}
 }
 
 @misc{swingWorkerDocs,
 url={https://docs.oracle.com/javase/7/docs/api/javax/swing/SwingWorker.html},
 title={SwingWorker},
 organization={Oracle},
 urldate={2021-06-03}
 }
 
  @misc{executorService,
 url={https://docs.oracle.com/javase/7/docs/api/java/util/concurrent/ExecutorService.html},
 title={ExecutorService},
 organization={Oracle},
 urldate={2021-06-03}
 }
 
   @misc{lookAndFeel,
 url={https://docs.oracle.com/javase/tutorial/uiswing/lookandfeel/plaf.html},
 title={How to Set the Look and Feel},
 organization={Oracle},
 urldate={2021-06-03}
 }
 
    @misc{rowNumTable,
 url={ https://tips4java.wordpress.com/2008/11/18/row-number-table/},
 title={Row Number Table},
 author={Rob Carrick},
 urldate={2021-06-04}
 }
 
     @misc{cocoOutput,
 url={ https://cocodataset.org/#format-results},
 title={Results Format},
 organization={Microsoft COCO},
 urldate={2021-04-29}
 }
 
      @misc{intelSpec,
 url={ https://ark.intel.com/content/www/de/de/ark.html#@PanelLabel122139},
 title={Produktspezifikationen},
 organization={Intel},
 urldate={2021-06-29}
 }
 
